<?xml version="1.0" encoding="UTF-8"?><collection xmlns="http://www.loc.gov/MARC21/slim"><record><leader>00481nam--2200145-i-4500</leader><controlfield tag="001">000039227</controlfield><controlfield tag="002">20161230</controlfield><controlfield tag="005">20161230201042</controlfield><controlfield tag="008">060222s1000------------r-----000-0-eng-d</controlfield><datafield ind1=" " ind2=" " tag="080"><subfield code="a">621.039</subfield></datafield><datafield ind1=" " ind2=" " tag="100"><subfield code="a">Robinson, D.Z./S.A.</subfield></datafield><datafield ind1=" " ind2=" " tag="245"><subfield code="a">Nuclear energy today and tomorrow. a course of lectures on selected topics in the fields of nuclear and atomic energy</subfield></datafield><datafield ind1=" " ind2=" " tag="260"><subfield code="a">London, Heinemann Educational Books, 1971, 473p</subfield></datafield><datafield ind1=" " ind2=" " tag="490"><subfield code="a">International Science School Series</subfield></datafield><datafield ind1=" " ind2=" " tag="852"><subfield code="a">36026</subfield></datafield></record></collection>